% Encoding: UTF-8

@Article{Kuchar1994,
  author    = {Karel V. Kucha{\v{r}}},
  title     = {Geometrodynamics of Schwarzschild black holes},
  journal   = {Physical Review D},
  year      = {1994},
  volume    = {50},
  number    = {6},
  month     = {sep},
  pages     = {3961--3981},
  doi       = {10.1103/physrevd.50.3961},
  publisher = {American Physical Society ({APS})},
}

@Comment{jabref-meta: databaseType:biblatex;}
