% Encoding: UTF-8

@Book{Landau_1975a,
  author       = {Landau, Lev Davidovich and Lifshitz, Evgeny Mikhailovich},
  title        = {The Classical Theory of Fields},
  year         = {1975},
  translator   = {Hamermesh, Morton},
  language     = {english},
  origlanguage = {russian},
  volume       = {2},
  edition      = {4},
  volumes      = {10},
  series       = {Course of Theoretical Physics},
  publisher    = {Pergamon},
  isbn         = {9780080250724},
  doi          = {10.1016/c2009-0-14608-1},
  owner        = {yfwang},
  timestamp    = {2018-01-16},
}

@Book{Landau_1976a,
  author       = {Landau, Lev Davidovich and Lifshitz, Evgeny Mikhailovich},
  title        = {Mechanics},
  year         = {1976},
  language     = {english},
  origlanguage = {russian},
  volume       = {1},
  edition      = {3},
  volumes      = {10},
  series       = {Course of Theoretical Physics},
  publisher    = {Elsevier},
  doi          = {10.1016/c2009-0-25569-3},
  owner        = {yfwang},
  timestamp    = {2018.01.16},
}

@Book{Landau_1987a,
  author       = {Landau, Lev Davidovich and Lifshitz, Evgeny Mikhailovich},
  title        = {Fluid Mechanics},
  year         = {1987},
  language     = {english},
  origlanguage = {russian},
  volume       = {6},
  edition      = {2},
  volumes      = {10},
  series       = {Course of Theoretical Physics},
  publisher    = {Elsevier},
  doi          = {10.1016/c2013-0-03799-1},
  owner        = {yfwang},
  timestamp    = {2018.01.16},
}

@Book{Landau_1977a,
  author       = {Landau, Lev Davidovich and Lifshitz, Evgeny Mikhailovich},
  title        = {Quantum Mechanics},
  year         = {1977},
  language     = {english},
  origlanguage = {russian},
  volume       = {3},
  edition      = {3},
  volumes      = {10},
  series       = {Course of Theoretical Physics},
  publisher    = {Elsevier},
  doi          = {10.1016/c2013-0-02793-4},
  owner        = {yfwang},
  timestamp    = {2018.01.16},
}

@Book{Landau_1980a,
  author       = {Landau, Lev Davidovich and Lifshitz, Evgeny Mikhailovich},
  title        = {Statistical Physics},
  year         = {1980},
  language     = {english},
  origlanguage = {russian},
  volume       = {5},
  part         = {1},
  edition      = {3},
  volumes      = {10},
  series       = {Course of Theoretical Physics},
  publisher    = {Pergamon},
  doi          = {10.1016/c2013-0-00704-9},
  owner        = {yfwang},
  timestamp    = {2018.01.16},
}

@Book{Lifshitz_1981a,
  author       = {Lifshitz, Evgeny Mikhailovich and Pitaevskii, Lev Petrovich},
  title        = {Physical Kinetics},
  year         = {1981},
  translator   = {Sykes, J. B. and Franklin, R. N.},
  language     = {english},
  origlanguage = {russian},
  volume       = {10},
  volumes      = {10},
  series       = {Course of Theoretical Physics},
  publisher    = {Elsevier},
  doi          = {10.1016/c2009-0-07802-7},
  owner        = {yfwang},
  timestamp    = {2018.01.16},
}

@Book{Landau_1980b,
  author       = {Landau, Lev Davidovich and Lifshitz, Evgeny Mikhailovich},
  title        = {Statistical Physics},
  year         = {1980},
  translator   = {Sykes, J. B. and Kearsley, M. J.},
  language     = {english},
  origlanguage = {russian},
  volume       = {5},
  part         = {1},
  edition      = {3},
  volumes      = {10},
  series       = {Course of Theoretical Physics},
  publisher    = {Butterworth--Heinemann},
  doi          = {10.1016/c2009-0-24487-4},
  owner        = {yfwang},
  timestamp    = {2018.01.16},
}

@Book{Lifshitz_1980a,
  author       = {Lifshitz, Evgeny Mikhailovich and Pitaevskii, Lev Petrovich},
  title        = {Statistical Physics},
  year         = {1980},
  translator   = {Sykes, J. B. and Kearsley, M. J.},
  subtitle     = {Theory of the Condensed State},
  language     = {english},
  origlanguage = {russian},
  volume       = {9},
  part         = {2},
  volumes      = {10},
  series       = {Course of Theoretical Physics},
  publisher    = {Butterworth--Heinemann},
  doi          = {10.1016/c2009-0-24308-x},
  owner        = {yfwang},
  timestamp    = {2018.01.16},
}

@Book{Landau_1986a,
  author       = {Landau, Lev Davidovich and Lifshitz, Evgeny Mikhailovich and Kosevich, Arnold Markovich and Pitaevskii, Lev Petrovich},
  title        = {Theory of Elasticity},
  year         = {1986},
  translator   = {Sykes, J. B. and Reid, W. H.},
  language     = {english},
  origlanguage = {russian},
  volume       = {7},
  edition      = {3},
  volumes      = {10},
  series       = {Course of Theoretical Physics},
  publisher    = {Elsevier},
  doi          = {10.1016/c2009-0-25521-8},
  owner        = {yfwang},
  timestamp    = {2018.01.16},
}

@Book{Berestetskii_1982a,
  author       = {Berestetskii, Vladimir Borisovich and Lifshitz, Evgeny Mikhailovich and Pitaevskii, Lev Petrovich},
  title        = {Quantum Electrodynamics},
  year         = {1982},
  translator   = {Sykes, J. B. and Bell, J. S.},
  language     = {english},
  origlanguage = {russian},
  volume       = {4},
  edition      = {2},
  volumes      = {10},
  series       = {Course of Theoretical Physics},
  publisher    = {Elsevier},
  doi          = {10.1016/c2009-0-24486-2},
  owner        = {yfwang},
  timestamp    = {2018.01.16},
}

@Book{Landau_1967a,
  author       = {Landau, Lev Davidovich and Lifshitz, Evgeny Mikhailovich},
  title        = {General Physics},
  year         = {1967},
  language     = {english},
  origlanguage = {russian},
  publisher    = {Elsevier},
  doi          = {10.1016/c2009-0-10924-8},
  owner        = {yfwang},
  timestamp    = {2018.01.16},
}

@Book{Landau_1972a,
  author       = {Landau, Lev Davidovich and Lifshitz, Evgeny Mikhailovich},
  title        = {Mechanics and Electrodynamics},
  year         = {1972},
  language     = {english},
  origlanguage = {russian},
  volume       = {1},
  volumes      = {2},
  series       = {A Shorter Course of Theoretical Physics},
  publisher    = {Elsevier},
  doi          = {10.1016/c2009-0-06775-0},
  owner        = {yfwang},
  timestamp    = {2018.01.16},
}

@Book{Landau_1974a,
  author       = {Landau, Lev Davidovich and Lifshitz, Evgeny Mikhailovich},
  title        = {Quantum Mechanics},
  year         = {1974},
  language     = {english},
  origlanguage = {russian},
  volume       = {2},
  volumes      = {2},
  series       = {A Shorter Course of Theoretical Physics},
  publisher    = {Elsevier},
  doi          = {10.1016/c2013-0-05654-x},
  owner        = {yfwang},
  timestamp    = {2018.01.16},
}

@Book{Landau_1984a,
  author       = {Landau, Lev Davidovich and Lifshitz, Evgeny Mikhailovich and Pitaevskii, Lev Petrovich},
  title        = {Electrodynamics of Continuous Media},
  year         = {1984},
  translator   = {J. B. Sykes and J. S. Bell and M. J. Kearsley},
  language     = {english},
  origlanguage = {russian},
  volume       = {8},
  edition      = {2},
  volumes      = {10},
  series       = {Course of Theoretical Physics},
  publisher    = {Pergamon},
  isbn         = {9780080302751},
  url          = {https://www.amazon.com/Course-Theoretical-Physics-Second-Electrodynamics/dp/0080302750?SubscriptionId=0JYN1NVW651KCA56C102&tag=techkie-20&linkCode=xm2&camp=2025&creative=165953&creativeASIN=0080302750},
}

@Book{Landau_1991,
  author    = {Landau, Lew Dawidowitsch and Lifschitz, Jewgeni Michailowitsch},
  title     = {Lehrbuch der theoretischen Physik VII. Elastizit√§tstheorie},
  year      = {1991},
  date      = {1991-01-01},
  volume    = {7},
  series    = {Lehrbuch der theoretischen Physik},
  publisher = {Europa Lehrmittel Verlag},
  isbn      = {3808554983},
  url       = {http://www.ebook.de/de/product/1368193/lew_d_landau_eewgeni_m_lifschitz_lehrbuch_der_theoretischen_physik_vii_elastizitaetstheorie.html},
  ean       = {9783808554982},
  groups    = {Lehrbuch der theoretischen Physik},
}

@Book{Landau_1990,
  author    = {Landau, Lew Dawidowitsch and Lifschitz, Jewgeni Michailowitsch},
  title     = {Lehrbuch der Theoretischen Physik VIII. Elektrodynamik der Kontinua},
  year      = {1990},
  date      = {1990-01-01},
  volume    = {5},
  series    = {Lehrbuch der theoretischen Physik},
  publisher = {Europa Lehrmittel Verlag},
  isbn      = {3808555009},
  url       = {http://www.ebook.de/de/product/1368195/lew_d_landau_ewgeni_m_lifschitz_lehrbuch_der_theoretischen_physik_viii_elektrodynamik_der_kontinua.html},
  ean       = {9783808555002},
  groups    = {Lehrbuch der theoretischen Physik},
}

@Book{Landau_1991a,
  author        = {Landau, Lew Dawidowitsch and Lifschitz, Jewgeni Michailowitsch},
  title         = {Lehrbuch der theoretischen Physik VI. Hydrodynamik},
  year          = {1991},
  date          = {1991-12-11},
  volume        = {6},
  series        = {Lehrbuch der theoretischen Physik},
  publisher     = {Europa Lehrmittel Verlag},
  isbn          = {3808555548},
  url           = {http://www.ebook.de/de/product/1368192/lew_d_landau_ewgeni_m_lifschitz_lehrbuch_der_theoretischen_physik_vi_hydrodynamik.html},
  __markedentry = {[yifan:]},
  ean           = {9783808555545},
  groups        = {Lehrbuch der theoretischen Physik},
}

@Book{Landau_1992,
  author        = {Landau, Lew Dawidowitsch and Lifschitz, Jewgeni Michailowitsch},
  title         = {Lehrbuch der theoretischen Physik II. Klassische Feldtheorie},
  year          = {1992},
  date          = {1992-01-01},
  volume        = {2},
  series        = {Lehrbuch der theoretischen Physik},
  publisher     = {Europa Lehrmittel Verlag},
  isbn          = {3808555629},
  url           = {http://www.ebook.de/de/product/1368188/lew_d_landau_ewgeni_m_lifschitz_lehrbuch_der_theoretischen_physik_ii_klassische_feldtheorie.html},
  __markedentry = {[yifan:]},
  ean           = {9783808555620},
  groups        = {Lehrbuch der theoretischen Physik},
}

@Book{Landau_1997,
  author    = {Landau, Lew Dawidowitsch and Lifschitz, Jewgeni Michailowitsch},
  title     = {Lehrbuch der theoretischen Physik I. Mechanik},
  year      = {1997},
  date      = {1997-01-01},
  volume    = {1},
  series    = {Lehrbuch der theoretischen Physik},
  publisher = {Europa Lehrmittel Verlag},
  isbn      = {3808556129},
  url       = {http://www.ebook.de/de/product/2823975/lew_d_landau_ewgeni_m_lifschitz_lehrbuch_der_theoretischen_physik_i_mechanik.html},
  ean       = {9783808556122},
  groups    = {Lehrbuch der theoretischen Physik},
}

@Book{Landau1990,
  author    = {Landau, Lew Dawidowitsch and Lifschitz, Jewgeni Michailowitsch},
  title     = {Lehrbuch der Theoretischen Physik X. Physikalische Kinetik},
  year      = {1990},
  date      = {1990-01-01},
  volume    = {10},
  series    = {Lehrbuch der theoretischen Physik},
  publisher = {Europa Lehrmittel Verlag},
  isbn      = {3808556242},
  url       = {http://www.ebook.de/de/product/1368196/lew_d_landau_ewgeni_m_lifschitz_evgenij_m_lifschitz_lehrbuch_der_theoretischen_physik_x_physikalische_kinetik.html},
  ean       = {9783808556245},
  groups    = {Lehrbuch der theoretischen Physik},
}

@Book{Landau1991,
  author    = {Landau, Lew Dawidowitsch and Lifschitz, Jewgeni Michailowitsch},
  title     = {Lehrbuch der theoretischen Physik IV. Quantenelektrodynamik},
  year      = {1991},
  date      = {1991-12-11},
  volume    = {4},
  series    = {Lehrbuch der theoretischen Physik},
  publisher = {Europa Lehrmittel Verlag},
  isbn      = {3808556323},
  pagetotal = {636},
  url       = {http://www.ebook.de/de/product/1368190/lew_d_landau_ewgeni_m_lifschitz_lev_d_landau_evgenij_m_lifschitz_lehrbuch_der_theoretischen_physik_iv_quantenelektrodynamik.html},
  ean       = {9783808556320},
  groups    = {Lehrbuch der theoretischen Physik},
}

@Book{Landau_2012,
  author    = {Landau, Lew Dawidowitsch and Lifschitz, Jewgeni Michailowitsch},
  title     = {Lehrbuch der theoretischen Physik III. Quantenmechanik},
  year      = {2012},
  date      = {2012-12-11},
  volume    = {3},
  series    = {Lehrbuch der theoretischen Physik},
  publisher = {Europa Lehrmittel Verlag},
  isbn      = {3808556366},
  url       = {http://www.ebook.de/de/product/1368189/lew_d_landau_eewgeni_m_lifschitz_lehrbuch_der_theoretischen_physik_iii_quantenmechanik.html},
  ean       = {9783808556368},
  groups    = {Lehrbuch der theoretischen Physik},
}

@Book{Landau_1987,
  author    = {Landau, Lew Dawidowitsch and Lifschitz, Jewgeni Michailowitsch},
  title     = {Lehrbuch der theoretischen Physik V. Statistische Physik I},
  year      = {1987},
  date      = {1987-12-11},
  volume    = {5},
  series    = {Lehrbuch der theoretischen Physik},
  publisher = {Europa Lehrmittel Verlag},
  isbn      = {3808556544},
  url       = {http://www.ebook.de/de/product/1368191/l_d_landau_eewgeni_m_lifschitz_lehrbuch_der_theoretischen_physik_v_statistische_physik_i.html},
  ean       = {9783808556542},
  groups    = {Lehrbuch der theoretischen Physik},
}

@Book{Landau1992,
  author    = {Landau, Lew Dawidowitsch and Lifschitz, Jewgeni Michailowitsch},
  title     = {Lehrbuch der theoretischen Physik VIIII. Statistische Physik II},
  year      = {1992},
  date      = {1992-01-01},
  publisher = {Europa Lehrmittel Verlag},
  isbn      = {3808556560},
  url       = {http://www.ebook.de/de/product/1368194/lew_d_landau_ewgeni_m_lifschitz_lehrbuch_der_theoretischen_physik_viiii_statistische_physik_ii.html},
  ean       = {9783808556566},
  groups    = {Lehrbuch der theoretischen Physik},
}

@Book{Lifshits2007,
  author    = {L. P. Pitaevskiy E. M. Lifshits},
  title     = {Theoretical Physics. At 10 TT 10. Physical Kinetics. 2 nd ed. Ispra / Teoreticheskaya fizika. V 10 t. T. 10. Fizicheskaya kinetika. 2-e izd., ispr},
  year      = {2007},
  publisher = {FIZMATLIT},
  isbn      = {978-5-9221-0125-7},
  url       = {https://www.amazon.com/Theoretical-Kinetics-Teoreticheskaya-Fizicheskaya-kinetika/dp/5922101250?SubscriptionId=0JYN1NVW651KCA56C102&tag=techkie-20&linkCode=xm2&camp=2025&creative=165953&creativeASIN=5922101250},
}

@Book{Landau2007,
  author    = {E. M. Lifshits L. D. Landau},
  title     = {Theoretical Physics (in 10 volumes). Volume 7. Theory of elasticity / Teoreticheskaya fizika (v 10-i tomakh). Tom 7. Teoriya uprugosti},
  year      = {2007},
  publisher = {FIZMATLIT},
  isbn      = {5-9221-0122-6},
  url       = {https://www.amazon.com/Theoretical-Physics-elasticity-Teoreticheskaya-uprugosti/dp/B0049UQ6BO?SubscriptionId=0JYN1NVW651KCA56C102&tag=techkie-20&linkCode=xm2&camp=2025&creative=165953&creativeASIN=B0049UQ6BO},
}

@Book{LivshitsE.M.Landau2017,
  author    = {Livshits E.M. Landau L.D.},
  title     = {Teoreticheskaia fizika v 10 tomakh. t.6. Gidrodinamika. izd.6-e ispr.},
  year      = {2017},
  publisher = {Fizmatlit},
  isbn      = {978-5-9221-1625-1},
  url       = {https://www.amazon.com/Teoreticheskaia-fizika-tomakh-Gidrodinamika-izd-6-/dp/5922116258?SubscriptionId=0JYN1NVW651KCA56C102&tag=techkie-20&linkCode=xm2&camp=2025&creative=165953&creativeASIN=5922116258},
}

@Book{2010,
  title = {Teoreticheskaya fizika. Tom V. Statisticheskaya fizika. Chast 1},
  year  = {2010},
  isbn  = {5-9221-0054-8},
  url   = {https://www.amazon.com/Teoreticheskaya-fizika-Tom-Statisticheskaya-Chast/dp/B008KVTOPS?SubscriptionId=0JYN1NVW651KCA56C102&tag=techkie-20&linkCode=xm2&camp=2025&creative=165953&creativeASIN=B008KVTOPS},
}

@Book{LivshitsE.M.Landau2006,
  author    = {Livshits E.M. Landau L.D.},
  title     = {Teoreticheskaya fizika. V 10 tomah. Tom 4. Kvantovaya elektrodinamika},
  year      = {2006},
  publisher = {FIZMATLIT},
  isbn      = {5-9221-0058-0},
  url       = {https://www.amazon.com/Teoreticheskaya-fizika-tomah-Kvantovaya-elektrodinamika/dp/5922100580?SubscriptionId=0JYN1NVW651KCA56C102&tag=techkie-20&linkCode=xm2&camp=2025&creative=165953&creativeASIN=5922100580},
}

@Book{Landau2015,
  author    = {L.D. Landau and E.M. Lifshits},
  title     = {Theoretical Physics. Volume 3. Quantum Mechanics. Nonrelativistic Theory (Russian Edition)},
  year      = {2015},
  publisher = {Book on Demand Ltd.},
  isbn      = {978-5-9221-0530-9},
  url       = {https://www.amazon.com/Theoretical-Physics-Quantum-Mechanics-Nonrelativistic/dp/5922105302?SubscriptionId=0JYN1NVW651KCA56C102&tag=techkie-20&linkCode=xm2&camp=2025&creative=165953&creativeASIN=5922105302},
}

@Book{Landau2015a,
  author    = {L.D. Landau and E.M. Lifshits},
  title     = {The Field Theory (Russian Edition)},
  year      = {2015},
  publisher = {Book on Demand Ltd.},
  isbn      = {5-9221-0056-4},
  url       = {https://www.amazon.com/Field-Theory-Russian-L-D-Landau/dp/5922100564?SubscriptionId=0JYN1NVW651KCA56C102&tag=techkie-20&linkCode=xm2&camp=2025&creative=165953&creativeASIN=5922100564},
}

@Book{2007,
  title = {Theoretical Physics in 10 volumes Volume 1 Mechanics Teoreticheskaya fizika v 10 i tomakh Tom 1 Mekhanika},
  year  = {2007},
  isbn  = {978-5-9221-0819-5},
  url   = {https://www.amazon.com/Theoretical-Physics-Mechanics-Teoreticheskaya-Mekhanika/dp/5922108190?SubscriptionId=0JYN1NVW651KCA56C102&tag=techkie-20&linkCode=xm2&camp=2025&creative=165953&creativeASIN=5922108190},
}

@Comment{jabref-meta: databaseType:biblatex;}

@Comment{jabref-meta: grouping:
0 AllEntriesGroup:;
1 StaticGroup:Lehrbuch der theoretischen Physik\;0\;1\;\;\;\;;
}
