% Encoding: UTF-8

@Book{Landau_1982a,
  author       = {Landau, Lev Davidovich and Lifshitz, Evgeny Mikhailovich},
  title        = {Mechanics},
  date         = {1982-01-29},
  translator   = {Sykes, J. B. and Bell, J. S.},
  language     = {english},
  origlanguage = {russian},
  volume       = {1},
  edition      = {3},
  volumes      = {10},
  series       = {Course of Theoretical Physics},
  publisher    = {Butterworth--Heinemann},
  isbn         = {9780750628969},
  pagetotal    = {224},
  doi          = {10.1016/c2009-0-25569-3},
  url={https://www.elsevier.com/books/mechanics/landau/978-0-08-050347-9},
  owner        = {yfwang},
  timestamp    = {2018.01.16},
}

@Book{Landau_1987a,
  author       = {Landau, Lev Davidovich and Lifshitz, Evgeny Mikhailovich},
  title        = {The Classical Theory of Fields},
  date         = {1987-01-01},
  translator   = {Hamermesh, Morton},
  language     = {english},
  origlanguage = {russian},
  volume       = {2},
  edition      = {4},
  volumes      = {10},
  series       = {Course of Theoretical Physics},
  publisher    = {Butterworth--Heinemann},
  isbn         = {9780750627689},
    pagetotal    = {402},
  doi          = {10.1016/c2009-0-14608-1},
  url={https://www.elsevier.com/books/the-classical-theory-of-fields/landau/978-0-08-050349-3},
  owner        = {yfwang},
  timestamp    = {2018-01-16},
}

@Book{Landau_1997a,
  author       = {Landau, Lew Dawidowitsch and Lifschitz, Jewgeni Michailowitsch},
  title        = {Mechanik},
  year         = {1997},
  editor       = {Ziesche, Paul},
  translator   = {Jungclaussen, Hardwin},
  language     = {german},
  origlanguage = {russian},
  volume       = {1},
  edition      = {14},
  volumes      = {10},
  series       = {Lehrbuch der theoretischen Physik},
  publisher    = {Europa Lehrmittel Verlag},
  isbn         = {9783808556122},
  pagetotal    = {244},
  url          = {https://www.europa-lehrmittel.de/t-1/mechanik-394/},
  sortname     = {Landau, Lev Davidovich and Lifshitz, Evgeny Mikhailovich},
  sorttitle    = {Mechanics},
}

@Book{Landau_1992a,
  author        = {Landau, Lew Dawidowitsch and Lifschitz, Jewgeni Michailowitsch},
  title         = {Klassische Feldtheorie},
  year          = {1992},
  date          = {1992-01-01},
  editor       = {Schöpf, Hans-Georg and Ziesche, Paul},
  translator   = {Dautcourt, Georg},
  language     = {german},
  origlanguage = {russian},
  volume       = {2},
  edition      = {12},
  volumes      = {10},
  series       = {Lehrbuch der theoretischen Physik},
  publisher    = {Europa Lehrmittel Verlag},
  isbn          = {9783808555620},
    pagetotal    = {496},
  url           = {https://www.europa-lehrmittel.de/t-1/klassische_feldtheorie-369/},
  sortname     = {Landau, Lev Davidovich and Lifshitz, Evgeny Mikhailovich},
  sorttitle    = {The Classical Theory of Fields},
}

@Book{Landau_2010a,
  author       = {朗道, Л.Д. and 栗弗席兹, Е.М.},
  title        = {力学},
  date         = {2010-07-16},
  translator   = {李, 俊峰},
  editor = {王, 超},
  language     = {Simplified Chinese},
  origlanguage = {russian},
  volume       = {1},
  edition      = {1},
  volumes      = {10},
  series       = {理论物理学教程},
  publisher    = {高等教育出版社},
  isbn         = {9787040208498},
  pagetotal    = {177},
  url          = {http://www.hep.com.cn/book/details?uuid=52820539-1414-1000-9686-3fafc67de19c},
  sortname     = {Landau, Lev Davidovich and Lifshitz, Evgeny Mikhailovich},
  sorttitle    = {Mechanics},
}

@Book{Landau_2012a,
  author       = {朗道, Л.Д. and 栗弗席兹, Е.М.},
  title        = {场论},
  date         = {2012-08-31},
  translator   = {鲁, 欣 and 任, 朗 and 袁, 炳南 and 邹, 振隆},
  editor = {王, 超},
  language     = {Simplified Chinese},
  origlanguage = {russian},
  volume       = {2},
  edition      = {1},
  volumes      = {10},
  series       = {理论物理学教程},
  publisher    = {高等教育出版社},
  isbn         = {9787040351736},
  pagetotal    = {445},
  url          = {http://www.hep.com.cn/book/details?uuid=526d2595-1414-1000-9f95-3fafc67de19c},
  sortname     = {Landau, Lev Davidovich and Lifshitz, Evgeny Mikhailovich},
  sorttitle    = {The Classical Theory of Fields},
}

@Book{Landau_2015a,
  author    = {Ландау, Лев Давидович and Лифшиц, Евгений Михайлович},
  title     = {Механика},
  year      = {2015},
  language  = {russian},
  volume    = {1},
  edition   = {16},
  volumes   = {10},
  series    = {Курс теоретической физики},
  publisher = {Физматлит},
  isbn      = {9785922116114},
  pagetotal = {224},
  url       = {http://www.fml.ru/book/showbook/1755},
  sortname  = {Landau, Lev Davidovich and Lifshitz, Evgeny Mikhailovich},
  sorttitle = {Mechanics},
}

@Book{Landau_2016a,
  author    = {Ландау, Лев Давидович and Лифшиц, Евгений Михайлович},
  title     = {Теория поля},
  year      = {2016},
  language  = {russian},
  volume    = {2},
  edition   = {9},
  volumes   = {10},
  series    = {Курс теоретической физики},
  publisher = {Физматлит},
  isbn      = {9785922115681},
  pagetotal = {508},
  url       = {http://www.fml.ru/book/showbook/1678},
  sortname  = {Landau, Lev Davidovich and Lifshitz, Evgeny Mikhailovich},
  sorttitle = {The Classical Theory of Fields},
}

@Comment{jabref-meta: databaseType:biblatex;}
