% Encoding: UTF-8

@Book{Arnold1988,
  author       = {Arnold, Wladimir Igorewitsch},
  title        = {Mathematische Methoden der klassischen Mechanik},
  year         = {1988},
  language     = {german},
  origlanguage = {russian},
  publisher    = {Birkhäuser Basel},
  doi          = {10.1007/978-3-0348-6669-9},
  owner        = {yfwang},
  timestamp    = {2018.02.06},
}

@Book{Arnold2003,
  author    = {Арнольд, Владимир Игоревич},
  title     = {Математические методы классической механики},
  year      = {2003},
  language  = {russian},
  edition   = {5},
  publisher = {URSS},
  isbn      = {5354003415},
  owner     = {yfwang},
  timestamp = {2018.02.06},
}

@Book{Arnold1989,
  author       = {Arnold, Vladimir Igorevich},
  title        = {Mathematical Methods of Classical Mechanics},
  year         = {1989},
  translator   = {Vogtmann, K. and Weinstein, A.},
  language     = {english},
  origlanguage = {russian},
  volume       = {60},
  edition      = {2},
  series       = {Graduate Texts in Mathematics},
  publisher    = {Springer},
  doi          = {10.1007/978-1-4757-2063-1},
  owner        = {yfwang},
  timestamp    = {2018.02.06},
}

@Comment{jabref-meta: databaseType:biblatex;}
