% Encoding: UTF-8

@Book{Carroll2003,
  author    = {Sean Carroll},
  title     = {Spacetime and Geometry},
  year      = {2003},
  subtitle  = {An Introduction to General Relativity},
  publisher = {Pearson},
  isbn      = {0805387323},
  url       = {https://www.pearson.com/us/higher-education/program/Carroll-Spacetime-and-Geometry-An-Introduction-to-General-Relativity/PGM175488.html},
  owner     = {yfwang},
  timestamp = {2018.02.06},
}

@Book{Kiefer2012,
  author    = {Claus Kiefer},
  title     = {Quantum Gravity},
  year      = {2012},
  edition   = {3},
  publisher = {Oxford University Press},
  doi       = {10.1093/acprof:oso/9780199585205.001.0001},
  month     = {apr},
  owner     = {yfwang},
  timestamp = {2018.02.06},
}

@Comment{jabref-meta: databaseType:biblatex;}
